<?xml version="1.0" encoding="UTF-8"?><collection xmlns="http://www.loc.gov/MARC21/slim"><record><leader>00365nam--2200121-i-4500</leader><controlfield tag="001">000041284</controlfield><controlfield tag="002">20161230</controlfield><controlfield tag="005">20161230201043</controlfield><controlfield tag="008">060222s1000------------r-----000-0-eng-d</controlfield><datafield ind1=" " ind2=" " tag="245"><subfield code="a">Series in nonlinear optics:vol.1:optics and nonlinear optics of liquid crystals</subfield></datafield><datafield ind1=" " ind2=" " tag="260"><subfield code="a">Singapore, World-scientific, 1993</subfield></datafield><datafield ind1=" " ind2=" " tag="700"><subfield code="a">Iam-choon,Khoo And Shin-tson,Wu</subfield></datafield><datafield ind1=" " ind2=" " tag="852"><subfield code="a">80598</subfield></datafield></record></collection>